@article{mvtnorm,
  title={mvtnorm: New numerical algorithm for multivariate normal probabilities},
  author={Mi, Xuefei and Miwa, Tetsuhisa and Hothorn, Torsten},
  journal={The R Journal},
  volume={1},
  number={1},
  pages={37--39},
  year={2009}
}
