@book{walpole,
  title={Probability and statistics for engineers and scientists},
  author={Walpole, Ronald E and Myers, Raymond H and Myers, Sharon L and Ye, Keying},
  edition={5},
  year={1993},
  publisher={Macmillan New York}
}

@misc{wiki:inverse.transform.method,
    author = "Wikipedia",
    title = {{Inverse transform sampling --- Wikipedia, The Free Encyclopedia}},
    year = {2017},
    url = {\url{https://en.wikipedia.org/w/index.php?title=Inverse_transform_sampling&oldid=791760634}},
    note = "[Online; accessed 19-September-2017]"
}

@misc{github:vgam,
  author = "Thomas W. Yee",
  title = {{VGAM â€” Vector Generalized Linear and Additive Models}},
  year = {2017},
  url = {\url{https://github.com/cran/VGAM/blob/2237f825c6696322aece806e1b53580538687c7b/R/family.univariate.R#L7306-L7310}},
  note = "[Online; accessed 20-September-2017]"
}
